@online{clova2025,
    title = {Browser automation: Going beyond the limits of {LLMs}},
    author = {{CLOVA}},
    year = {2025},
    url = {https://clova.ai/en/tech-blog/browser-automation-going-beyond-the-limits-of-llms},
    urldate = {2025-03-25}
}

@article{zhang2024survey,
    title = {Large Language Model-Brained {GUI} Agents: A Survey},
    author = {Zhang, X. and others},
    year = {2024},
    journal = {arXiv preprint arXiv:2411.18279},
    url = {https://arxiv.org/abs/2411.18279},
    version = {v3}
}

@article{steward2024,
    title = {Steward: Natural Language Web Automation},
    author = {Anonymous},
    year = {2024},
    journal = {arXiv preprint arXiv:2409.15441},
    url = {https://arxiv.org/abs/2409.15441},
    version = {v1}
}

@article{llm_testing2024,
    title = {The Potential of {LLMs} in Automating Software Testing: From Generation to Reporting},
    author = {Anonymous},
    year = {2024},
    journal = {ResearchGate},
    doi = {387670287}
}

@article{llm_testing_arxiv2024,
    title = {The Potential of {LLMs} in Automating Software Testing: From Generation to Reporting},
    author = {Anonymous},
    year = {2024},
    journal = {arXiv preprint arXiv:2501.00217},
    url = {https://arxiv.org/abs/2501.00217},
    version = {v1}
}

@misc{skyvern2025,
    title = {Skyvern: Automate browser-based workflows with {LLMs} and Computer Vision},
    author = {{Skyvern-AI}},
    year = {2025},
    howpublished = {GitHub repository},
    url = {https://github.com/Skyvern-AI/skyvern}
}

@techreport{clickability2025,
    title = {Utilizing {LLMs} to Infer Clickability of {HTML} Elements for Enhanced Deep Reinforcement Learning-Based Web Application Testing},
    author = {Anonymous},
    year = {2025},
    institution = {SCITEPRESS},
    url = {https://www.scitepress.org/Papers/2025/132488/132488.pdf}
}

@online{pathak2025,
    title = {Develop Browser Agents: Integrating {LLMs}, Playwright, Browser-Use and Web-{UI}},
    author = {Pathak, Kailash},
    year = {2025},
    month = {2},
    url = {https://kailash-pathak.medium.com/develop-intelligent-browser-agents-integrating-llms-playwright-browser-use-and-web-ui-ac0836af520b},
    urldate = {2025-03-25}
}

@article{lai2024autowebglm,
    title = {{AutoWebGLM}: A Large Language Model-based Web Navigating Agent},
    author = {Lai, Y. and others},
    year = {2024},
    journal = {arXiv preprint arXiv:2404.03648},
    url = {https://arxiv.org/abs/2404.03648},
    version = {v2}
}

@online{withsecure2025,
    title = {Should you let {ChatGPT} control your browser?},
    author = {{WithSecure Labs}},
    year = {2025},
    url = {https://labs.withsecure.com/publications/browser-agents-llm-prompt-injection},
    urldate = {2025-03-25}
} 